3858 3072
3643 71 3848 124 765.
2447 1039 3350 1101 Mantalslängd
2850 1192 2910 1246 för
2155 1347 3597 1412 Wahto Kapell i Masku socken af Masku härad
2540 1451 3219 1503 samt Åbo och Björneborgs län
2765 1598 2980 1650 år 1880
2332 1903 2639 1957 Anmärkningar:
2181 1954 3677 2028 1:o. Kolumnen "Rökar" för tingsgästning får, derest beräkningen af andra utskylder och kommunala afgifter sådant erfordrar,
2063 1978 3678 2051 äfven annorlunda inrättas, än här upptages, blott deraf fullständig uppgift om tingsgästning betalande och derifrån befriade rökar kan in¬
2059 2004 2150 2055 hemtas.
2179 2030 3688 2103 2:o. Uti Kolumnen för " Hemmans- och personers namn samt de senares födelseår etc.", införes såväl hela hemmanets, som ock, i
2062 2054 3675 2124 händelse hemmanet bebrukas i flere delar, namnen å dessam om sådane blifvit antagne; hvarutom, då lägenheten, antingen i anseende till sin
2063 2080 3680 2151 natur eller disposition, är befriad från röktalsagift, eller innehar egenskapen af rusthåll, — denna dess natur eller disposition eller egenskap
2063 2102 3680 2176 omedelbart efter namnet antecknas; börande den, som innehar värdskapet, vare sig man eller qvinna, upptagas med både för- och tillnamn
2064 2128 3679 2203 eller, i brist af det sistnämnda, med faders namn, men hustru uppages endast med ett för-namn. Öfriga personer i hushållet, utom värds¬
2064 2151 3673 2228 folketm antecknas: a) värdsfolkets barn (B), hvarvid betalningsskyldige söner och döttrar upptagas med ett för-namn, men de underåriga en¬
2064 2178 3682 2253 dast till antalet, sålunda, att första siffran utmärker söner och den andra siffran döttrar; b) värdens i hushållet vistande slägtingar t. ex.
2055 2203 3687 2278 svärfader, svärmoder, broderm syster m. fl. jemte för- och till-namn; c) tjenstehjon med för-och tillnamn och d) andra till hushållet hörande
2062 2227 3675 2300 personer, med för- och till-namn. Hustru upptages endast med ett förnamn. Barn till öfrige personer utom värdsfolket (b), införas alltid
2059 2253 3677 2324 genast efter förldrarne och utmärkas till namn och antal på sätt angående värdsfolkets barn är omförmäldt. Derefter införes å lägenhetens
2060 2278 3670 2349 mark bosatte torpares, backstuguhjons och inhysingars jemte andra dylike personers hushåll, äfvensom å lägenheten uppförda bruk, sågverk,
2064 2300 3679 2377 qvarnar med flere inrättningar samt der boende personer, hvarvid föreskrifterne ofvanföre tjena till efterrättelse. I slutet af hvarje by an¬
2062 2326 3683 2398 tecknas Fattighjon och lösa personer och ytterst, på sätt i § 18 af mantalsskrifningsförordningen närmare stadgas, förenämnda verk och in¬
2062 2351 3472 2422 rättningar. Orsaken till befrielse från mantalspenningar antecknas genast efter den person, som är berättigad till befrielsen.
2176 2378 2563 2432 3:o. Angår enskildt Wiborgs län.
2175 2405 3674 2477 4:o. Betydelsen af förkortningarne: h. = hustru; B. = värdens i hushållet barn; b.= den persons barn, näst hvarefter denna bok¬
2059 2425 3682 2502 staf följer; öfa — öfverårig; mls o. ffb. = medellös och fri från mantalspenningar för 3 barn under 10 år och 5 barn under 16 år; Br. = bror
2060 2450 3677 2523 till värden; Syst. = syster till värden; Stb. = stjufbarn till värden; Svf. = svärfar till värden; Svm. = svärmor till värden; 0-1 = ingen
2059 2475 3680 2555 minderårig son och en underårig dotter; 2-1 = två underårige söner och en underårig dotter; dr. = dreng; p. = piga; Lb. = landbo;
2057 2500 3669 2577 Std.=statdreng; Spt. = spanmålstorpare; Tp. = jordtorpare; Fhj. = fattighjon med hemvist hos annan person; Rotf. = fattige, som under¬
2058 2524 3670 2603 hålles 9 rote; Brkl. = bräcklig; Inh. = inhysing; Backst. = backstuguhjon; Sytn. = sytningshjon. Äfven flere förkortningar få begagnas, om
2058 2550 2727 2613 så behöfves, blott att orlets betydelse deraf klart framgår.
2694 2868 3018 2918 Åbo Boktryekeri Aktiebolag.
42 25 163 79 6. c
30 84 187 141 merttelä
226 90 447 148 Ylitresköky¬
248 158 334 208 lä
455 91 1232 150 ent talon tytär ultriikka Vilhelmii
455 161 947 214 na Abrahamin tytär
1247 172 1543 229 Ulosköyhä
105 328 166 378 "
227 324 444 374 Alikeski
231 386 418 445 kylä
448 324 1197 380 ent löysä trenki fretrik Juhan poika
448 404 963 457 vaimonsa Justiina
1241 334 1573 394 Ulosköyhä
1231 406 1589 462 myös Samoin
31 554 214 605 Munittu
49 630 147 680 la
224 552 439 603 Antintalo
442 554 1208 609 Torpparin Leski Vilhelmiina mäkilä
1232 559 1535 618 Ulosköyhä
91 788 148 840 "
222 782 376 834 Karlen
226 859 364 913 talo
440 787 1201 840 Torp Leski Karoliina Välimäki
434 866 1206 916 löysä Zttellinen Juha kallen poika
1224 792 1551 846 Ulosköyhä
1225 873 1516 924 Ulosköyhä
29 1015 209 1066 Yksityi¬
57 1079 149 1132 nen
217 1009 421 1073 Uttulä
423 1793 1824 1860 Edellä mainittuin henkilöin varattomyden Jo
418 1873 1798 1937 muun Ilmaitelun asian haaran Todistamme
420 1951 1380 2015 paikka Ja aika ennen mainittu
722 2113 1583 2165 kunta kakouhsen puolesta
872 2192 1508 2245 Johan keskikylä
434 2270 1880 2324 Johan Jern Johan Wähäpiikkijö
430 2412 1594 2468 Anton Tuuj †
1211 2507 1746 2572 Guttan Hiitale.
