2450 3752
131 111 310 150 106.
411 87 586 123 1816
625 97 2352 170 die Anzeige dieses Sterbfalls beÿm k. Landgericht Eggenfelden hat δ Hζ:
631 192 2354 259 Expositus von Geratskirchen auf sich genohmen. - ihr alter ware 32
635 290 1671 351 Jahre. Arzt. δ Landarzt von Stetten.
621 412 955 449 Pleiskirchen
1213 413 1492 448 November
103 609 571 653 Elisabetha Ober¬
101 691 421 738 ¬huberin.
81 793 559 841 3 Aemter, Vigil,
91 856 413 902 u. Libera.
630 500 2379 582 Die 30 Octobris Hora 7 vesp: rite provisa obiit, et Die 1 Nov: ante
632 595 2362 657 Hora 8vaṃ matut: a D. coadjut: Lohr ex ejus Habitaculo solemniter
630 674 2367 734 translata est usɋ ad Ecclesiam parochialem Elisabetha Oberhuberin,
642 757 2369 816 ledige Bauers Tochter auf den Oberhuber gut zu Plakerstorf: L. Altoott:
629 837 2371 899 Steuer Distr: Nonberg Nrọ 108. cath: Rl: NB: weil δ Bader Feller von
630 904 2370 978 Arbing dem Oberhuber versprochen, er werde am 1tṇ Nov: längstens bis 7
630 971 2363 1061 Uhr fr zu̾ Besichtigung δ Leiche kom̄en, aber bis ¾tel auf 8 Uhr früh
638 1058 2371 1138 noch nicht da ware, beÿ δ Pfarrkirche aber δ feÿerliche Gottesdienst auf ½
633 1143 2381 1214 Uhr verkündet gewesen, den noch dazu Hζ: Coadjut halten sollte, so gieng
638 1202 2333 1301 δ Leichenzug mit dem begleittenden Volke vor sich, die Begräbniß
639 1276 2347 1376 aber nicht; soδn die Leiche wurde in δ Kapelle beÿgesezt, bis δ Chyrurg
629 1358 2359 1454 Vogl von Erharding die Besichtigung vorgenohmen; erst dar ge¬
631 1435 2367 1525 schah durch Hζ: Cooperator Bach um ¾tel auf 2 Uhr Ab= die Begräbnis.
625 1515 2121 1598 Alter 73 Jahre. Krankheit: Wassersucht. Arzt: keiner.
666 1622 1355 1689 Pleiskirchen December.
84 1806 567 1861 Catharina Hoch¬
71 1901 442 1943 ¬müllerin.
58 1970 577 2017 3 Aemter, 3 Bey¬
54 2041 512 2099 ¬messen, Vigil, und
55 2132 333 2171 Libera
79 2291 375 2334 Sum̄a 23.
657 1702 2343 1784 Die 3 ad 4. Decembris Nocte mortua in Lecto inventa, et Die
651 1768 2372 1856 5tạ a Coop: Bach solemniter sepulta est Catharina Hochmüllerin,
648 1835 2362 1941 Famula apud Colonum Grndl zu Grading L. Altoett: Str: distr:
652 1921 2381 2023 Oberpleiskirchen Nrọ 66. cath: Relζ: # ætatis 50 an̄: non provisa. Kr: Schleim¬
648 2003 2369 2107 schlag. Arzt — Nota. quia hæc famula jam per aliquot Dies
644 2068 2377 2185 se male habuisse ab ipso Patre familias dicebatur, hinc debuit iste
645 2128 2387 2250 propter Negligentiam, quia Sacerdotem non vocavit mature, Œtin¬
636 2184 2236 2323 ¬gæ veteri consiteri, et com̄unicare in solatium defunctæ.
73 2461 612 2509 Balthasar Hubwieser.
107 2571 589 2628 3 Aemter, Vigil, und
96 2665 327 2703 Libera.
675 2402 958 2451 Pleiskirchen
1056 2350 1383 2401 An̄o 1817
1508 2326 1836 2372 Januarius.
632 2467 2363 2579 Die 2dạ ad 3tiuṃ Januarĳ in Lecto ab uxore inventus est mortuus de
631 2537 2309 2652 Nocte Balthasar Hubwieser, colonus auf den Lechner Gut in δ Leδhub,
632 2589 2374 2727 L. Altoett: Nrọ 68. cath: Rel: — ætatis 55. Jahre. Kr: Lungensucht u. Brand
635 2678 2372 2792 Arzt. Vogl Bader zu Bachleithen. — sepultus est solemniter Die 4 Januarĳ
660 2799 1029 2867 a Coop. Bach.
618 2898 948 2956 Pleiskirchen
82 3089 568 3131 Barbara Unter¬
65 3144 573 3205 ¬wim̄erin. 3
55 3242 568 3294 Aemter, 1 Beÿmeß,
59 3319 583 3370 Vigil, u. Libera.
631 2939 2331 3060 Die 9nạ Januarĳ Hora 8vạ vesp: rite provisa obiit, et Die 11 a
621 3003 2381 3142 Coadjut: Lohr sepulta est Barbara Unterwim̄erin, Austragbäuerin
629 3080 2374 3218 beÿm Obergierg zu Anzing, Patrim: Ghrts Winhöring, Str: Distr: Gerats¬
621 3159 2373 3295 ¬kirchen Nrọ 13. Vidua, cath: Rel: — aetatis 80 Jahre. Kr: Wassersucht u.
626 3298 1273 3351 Schlagfluß. Arzt. —
67 3505 576 3571 An̄a Marchnerinn
76 3587 591 3640 3 Aemter, Vigil, u.
81 3665 347 3707 Libera.
629 3413 1032 3466 Pleiskirchen.
608 3432 2380 3560 Die 10 Januarĳ media 4tạ vesp: rite provisa obiit, et Die 12 a Coadj
604 3534 2373 3633 Lohr solemniter sepulta est An̄a Marchnerin, Taglöhnerin im
